@article{BigBang,
  author = {Chuck Lorre and Bill Prady},
  journal = {CBS},
  title = {The Big Bang Theory},
  year = 2007
}
